@article{Girdhar:2016,
  author    = {Rohit Girdhar and
               David F. Fouhey and
               Mikel Rodriguez and
               Abhinav Gupta},
  title     = {Learning a Predictable and Generative Vector Representation for Objects},
  journal   = {CoRR},
  volume    = {abs/1603.08637},
  year      = {2016},
  url       = {http://arxiv.org/abs/1603.08637},
  timestamp = {Sat, 02 Apr 2016 11:49:48 +0200},
  biburl    = {http://dblp.uni-trier.de/rec/bib/journals/corr/GirdharFRG16},
  bibsource = {dblp computer science bibliography, http://dblp.org}
}

@inproceedings{GarciaGarcia:2016,
  author    = {Alberto Garcia{-}Garcia and
               Francisco Gomez{-}Donoso and
               Jos{\'{e}} Garc{\'{\i}}a Rodr{\'{\i}}guez and
               Sergio Orts{-}Escolano and
               Miguel Cazorla and
               Jorge Azor{\'{\i}}n L{\'{o}}pez},
  title     = {PointNet: {A} 3D Convolutional Neural Network for real-time object
               class recognition},
  booktitle = {2016 International Joint Conference on Neural Networks, {IJCNN} 2016,
               Vancouver, BC, Canada, July 24-29, 2016},
  pages     = {1578--1584},
  year      = {2016},
}

@article{Riegler:2017,
  author    = {Gernot Riegler and
               Ali Osman Ulusoy and
               Horst Bischof and
               Andreas Geiger},
  title     = {OctNetFusion: Learning Depth Fusion from Data},
  journal   = {CoRR},
  volume    = {abs/1704.01047},
  year      = {2017},
}

@article{Tatarchenko:2017,
  author    = {Maxim Tatarchenko and
               Alexey Dosovitskiy and
               Thomas Brox},
  title     = {Octree Generating Networks: Efficient Convolutional Architectures
               for High-resolution 3D Outputs},
  journal   = {CoRR},
  volume    = {abs/1703.09438},
  year      = {2017},
}

@inproceedings{Maturana:2015,
  author    = {Daniel Maturana and
               Sebastian Scherer},
  title     = {VoxNet: {A} 3D Convolutional Neural Network for real-time object recognition},
  booktitle = {2015 {IEEE/RSJ} International Conference on Intelligent Robots and
               Systems, {IROS} 2015, Hamburg, Germany, September 28 - October 2,
               2015},
  pages     = {922--928},
  year      = {2015},
  crossref  = {DBLP:conf/iros/2015},
}

@article{Riegler:2016,
  author    = {Gernot Riegler and
               Ali Osman Ulusoy and
               Andreas Geiger},
  title     = {OctNet: Learning Deep 3D Representations at High Resolutions},
  journal   = {CoRR},
  volume    = {abs/1611.05009},
  year      = {2016},
}

@article{Wu:2014,
  author    = {Zhirong Wu and
               Shuran Song and
               Aditya Khosla and
               Xiaoou Tang and
               Jianxiong Xiao},
  title     = {3D ShapeNets for 2.5D Object Recognition and Next-Best-View Prediction},
  journal   = {CoRR},
  volume    = {abs/1406.5670},
  year      = {2014},
}

@article{Qi:2016,
  author    = {Charles Ruizhongtai Qi and
               Hao Su and
               Matthias Nie{\ss}ner and
               Angela Dai and
               Mengyuan Yan and
               Leonidas J. Guibas},
  title     = {Volumetric and Multi-View CNNs for Object Classification on 3D Data},
  journal   = {CoRR},
  volume    = {abs/1604.03265},
  year      = {2016},
}

@article{Li:2016,
  author    = {Yangyan Li and
               S{\"{o}}ren Pirk and
               Hao Su and
               Charles Ruizhongtai Qi and
               Leonidas J. Guibas},
  title     = {{FPNN:} Field Probing Neural Networks for 3D Data},
  journal   = {CoRR},
  volume    = {abs/1605.06240},
  year      = {2016},
}

@article{Engelcke:2016,
  author    = {Martin Engelcke and
               Dushyant Rao and
               Dominic Zeng Wang and
               Chi Hay Tong and
               Ingmar Posner},
  title     = {Vote3Deep: Fast Object Detection in 3D Point Clouds Using Efficient
               Convolutional Neural Networks},
  journal   = {CoRR},
  volume    = {abs/1609.06666},
  year      = {2016},
}

@article{Sedaghat:2016,
  author    = {Nima Sedaghat and
               Mohammadreza Zolfaghari and
               Thomas Brox},
  title     = {Orientation-boosted Voxel Nets for 3D Object Recognition},
  journal   = {CoRR},
  volume    = {abs/1604.03351},
  year      = {2016},
}

@article{Hegde:2016,
  author    = {Vishakh Hegde and
               Reza Zadeh},
  title     = {FusionNet: 3D Object Classification Using Multiple Data Representations},
  journal   = {CoRR},
  volume    = {abs/1607.05695},
  year      = {2016},
}

@article{Chen:2016,
  author    = {Hao Chen and
               Qi Dou and
               Lequan Yu and
               Pheng{-}Ann Heng},
  title     = {VoxResNet: Deep Voxelwise Residual Networks for Volumetric Brain Segmentation},
  journal   = {CoRR},
  volume    = {abs/1608.05895},
  year      = {2016},
}

@article{Sharma:2016,
  author    = {Abhishek Sharma and
               Oliver Grau and
               Mario Fritz},
  title     = {VConv-DAE: Deep Volumetric Shape Learning Without Object Labels},
  journal   = {CoRR},
  volume    = {abs/1604.03755},
  year      = {2016},
}

@article{Su:2015,
  author    = {Hang Su and
               Subhransu Maji and
               Evangelos Kalogerakis and
               Erik G. Learned{-}Miller},
  title     = {Multi-view Convolutional Neural Networks for 3D Shape Recognition},
  journal   = {CoRR},
  volume    = {abs/1505.00880},
  year      = {2015},
}

@article {Wang:2017,
  title 		= {O-CNN: Octree-based Convolutional Neural Networks for 3D Shape Analysis },
  author 		= {Wang, Peng-Shuai and Liu, Yang and Guo, Yu-Xiao and Sun Chun-Yu and Tong, Xin},
  journal 	= {ACM Transactions on Graphics (SIGGRAPH)},
  volume 		= {36},
  number		= {4},
  year 		= {2017},
}

@article{Masci:2015,
  author    = {Jonathan Masci and
               Davide Boscaini and
               Michael M. Bronstein and
               Pierre Vandergheynst},
  title     = {ShapeNet: Convolutional Neural Networks on Non-Euclidean Manifolds},
  journal   = {CoRR},
  volume    = {abs/1501.06297},
  year      = {2015},
}

@article{Fan:2016,
  author    = {Haoqiang Fan and
               Hao Su and
               Leonidas J. Guibas},
  title     = {A Point Set Generation Network for 3D Object Reconstruction from a
               Single Image},
  journal   = {CoRR},
  volume    = {abs/1612.00603},
  year      = {2016},
}

@inproceedings{Bertsekas:1985, 
  author={D. P. Bertsekas}, 
  booktitle={1985 24th IEEE Conference on Decision and Control}, 
  title={A distributed asynchronous relaxation algorithm for the assignment problem}, 
  year={1985}, 
  pages={1703-1704}, 
  keywords={Tellurium}, 
}

@article{MirzaOsindero:2014,
  author    = {Mehdi Mirza and
               Simon Osindero},
  title     = {Conditional Generative Adversarial Nets},
  journal   = {CoRR},
  volume    = {abs/1411.1784},
  year      = {2014},
}

@article{Goodfellow:2014,
  author    = {Ian J. Goodfellow and
               Jean Pouget{-}Abadie and
               Mehdi Mirza and
               Bing Xu and
               David Warde{-}Farley and
               Sherjil Ozair and
               Aaron C. Courville and
               Yoshua Bengio},
  title     = {Generative Adversarial Networks},
  journal   = {CoRR},
  volume    = {abs/1406.2661},
  year      = {2014},
}

@article{KingmaWelling:2013,
  author = {Diederik P. Kingma and Max Welling},
  title = {Auto-Encoding Variational Bayes},
  journal = {CoRR},
  volume = {abs/1312.6114},
  year = {2013},
  url = {http://arxiv.org/abs/1312.6114},
}

@inproceedings{KingmaMohamedRezendeWelling:2014,
  author = {Diederik P. Kingma and Shakir Mohamed and Danilo Jimenez Rezende and Max Welling},
  title = {Semi-supervised Learning with Deep Generative Models},
  booktitle = {Advances in Neural Information Processing Systems 27: Annual Conference on Neural Information Processing Systems 2014, December 8-13 2014, Montreal, Quebec, Canada},
  pages = {3581--3589},
  year = {2014},
}

@inproceedings{SohnLeeYan:2015,
  author    = {Kihyuk Sohn and Honglak Lee and Xinchen Yan},
  title     = {Learning Structured Output Representation using Deep Conditional Generative Models},
  booktitle = {Advances in Neural Information Processing Systems 28: Annual Conference on Neural Information Processing Systems 2015, December 7-12, 2015, Montreal, Quebec, Canada},
  pages     = {3483--3491},
  year      = {2015},
}

@article{Chang:2015,
  author    = {Angel X. Chang and
               Thomas A. Funkhouser and
               Leonidas J. Guibas and
               Pat Hanrahan and
               Qi{-}Xing Huang and
               Zimo Li and
               Silvio Savarese and
               Manolis Savva and
               Shuran Song and
               Hao Su and
               Jianxiong Xiao and
               Li Yi and
               Fisher Yu},
  title     = {ShapeNet: An Information-Rich 3D Model Repository},
  journal   = {CoRR},
  volume    = {abs/1512.03012},
  year      = {2015},
}

@article{Choy:2016,
  author    = {Christopher Bongsoo Choy and
               Danfei Xu and
               JunYoung Gwak and
               Kevin Chen and
               Silvio Savarese},
  title     = {3D-R2N2: {A} Unified Approach for Single and Multi-view 3D Object
               Reconstruction},
  journal   = {CoRR},
  volume    = {abs/1604.00449},
  year      = {2016},
}

@article{Novotny:2017,
  author = {David Novotny, Diane Larlus, Andrea Vedaldi},
  title = {Learning 3D Object Categories by Looking Around Them},
  journal = {CoRR},
  volume = {abs/1705.03951},
  year = {2017},
}